<?xml version="1.0" encoding="UTF-8"?><record xmlns="http://www.loc.gov/MARC21/slim" xmlns:cinclude="http://apache.org/cocoon/include/1.0" xmlns:zs="http://www.loc.gov/zing/srw/">
  <leader>00668cz  a2200205n  4500</leader>
  <controlfield tag="001">no2011061237</controlfield>
  <controlfield tag="003">DLC</controlfield>
  <controlfield tag="005">20110701075223.0</controlfield>
  <controlfield tag="008">110418n| acaaaaaan          |a ana     c</controlfield>
  <datafield tag="010" ind1=" " ind2=" ">
    <subfield code="a">no2011061237</subfield>
  </datafield>
  <datafield tag="035" ind1=" " ind2=" ">
    <subfield code="a">(OCoLC)oca08832190</subfield>
  </datafield>
  <datafield tag="040" ind1=" " ind2=" ">
    <subfield code="a">PaPhCHF</subfield>
    <subfield code="b">eng</subfield>
    <subfield code="c">PaPhCHF</subfield>
    <subfield code="d">PaPhCHF</subfield>
  </datafield>
  <datafield tag="130" ind1=" " ind2="0">
    <subfield code="a">Chemical Heritage Foundation Oral history transcript</subfield>
  </datafield>
  <datafield tag="410" ind1="2" ind2=" ">
    <subfield code="a">Chemical Heritage Foundation.</subfield>
    <subfield code="t">Chemical Heritage Foundation Oral history transcript</subfield>
  </datafield>
  <datafield tag="642" ind1=" " ind2=" ">
    <subfield code="a">30</subfield>
    <subfield code="5">C8F</subfield>
  </datafield>
  <datafield tag="643" ind1=" " ind2=" ">
    <subfield code="a">Philadelphia, Pa.</subfield>
    <subfield code="b">Chemical Heritage Foundation Oral History Program</subfield>
    <subfield code="d">30</subfield>
  </datafield>
  <datafield tag="644" ind1=" " ind2=" ">
    <subfield code="a">f</subfield>
    <subfield code="5">C8F</subfield>
  </datafield>
  <datafield tag="645" ind1=" " ind2=" ">
    <subfield code="a">t</subfield>
    <subfield code="5">C8F</subfield>
  </datafield>
  <datafield tag="646" ind1=" " ind2=" ">
    <subfield code="a">s</subfield>
    <subfield code="5">C8F</subfield>
  </datafield>
  <datafield tag="670" ind1=" " ind2=" ">
    <subfield code="a">Herman Mark, 1986:</subfield>
    <subfield code="b">cover (Oral history)</subfield>
  </datafield>
</record>